@article{wing2006computational,
  title={Computational thinking},
  author={Wing, Jeannette M},
  journal={Communications of the ACM},
  volume={49},
  number={3},
  pages={33--35},
  year={2006},
  publisher={ACM New York, NY, USA}
}

@article{denning2022computational,
  title={Computational thinking: A disciplinary perspective},
  author={Denning, Peter J and Tedre, Matti},
  journal={Informatics in Education},
  volume={20},
  number={3},
  pages={361--390},
  year={2022},
  publisher={Vilnius University Institute of Data Science and Digital Technologies}
}